@Book{garg,
    author = "R. Garg et al.",
    title = "Microstrip Antenna Design Handbook",
    publisher = "Artech House",
    year = 2001,
    note = " ",
}

@Book{garg1,
    author = "R. Garg et al.",
    title = "Microstrip Antenna Design Handbook, Capítulo 1",
    publisher = "Artech House",
    year = 2001,
    note = " ",
}

@Book{garg4,
    author = "R. Garg et al.",
    title = "Microstrip Antenna Design Handbook, Capítulo 4",
    publisher = "Artech House",
    year = 2001,
    note = " ",
}

@Book{garg8,
    author = "R. Garg et al.",
    title = "Microstrip Antenna Design Handbook, Capítulo 8",
    publisher = "Artech House",
    year = 2001,
    note = " ",
}

@Book{garg9,
    author = "R. Garg et al.",
    title = "Microstrip Antenna Design Handbook, Capítulo 9",
    publisher = "Artech House",
    year = 2001,
    note = " ",
}

@Book{balanis,
    author = "Constantine A. Balanis",
    title = "Antenna Theory, Aanalysis and Design",
    publisher = "John Wiley and Sons",
    year = 1982,
    note = " ",
}

@Book{balanis2,
    author = "Constantine A. Balanis",
    title = "Advanced Engineering Electromagnetics",
    publisher = "John Wiley and Sons",
    year = 1989,
    note = " ",
}

@Book{balanis14,
    author = "Constantine A. Balanis",
    title = "Antenna Theory, Aanalysis and Design, Capítulo 14",
    publisher = "John Wiley and Sons",
    year = 1982,
    note = " ",
}

@Book{bhartia,
    author = "Bhartia et al.",
    title = "Millimeter-wave microstrip and printed circuit antennas",
    publisher = "Artech House",
    year = 1991,
    note = " ",
}

@Book{yang,
    author = "Peter S. Hall y Yang Hao",
    title = "Antennas and Propagation for Body-Centric Wireless Communications",
    publisher = "Artech House",
    year = 2006,
    note = " ",
}

@Book{yangtabla,
    author = "Peter S. Hall y Yang Hao",
    title = "Antennas and Propagation for Body-Centric Wireless Communications, Tabla 2.2 Capítulo 2",
    publisher = "Artech House",
    year = 2006,
    note = " ",
}

@Book{yang1,
    author = "Peter S. Hall y Yang Hao",
    title = "Antennas and Propagation for Body-Centric Wireless Communications, Capítulo 1",
    publisher = "Artech House",
    year = 2006,
    note = " ",
}

@Book{yang2,
    author = "Peter S. Hall y Yang Hao",
    title = "Antennas and Propagation for Body-Centric Wireless Communications, Capítulo 2",
    publisher = "Artech House",
    year = 2006,
    note = " ",
}

@Book{yang9,
    author = "Peter S. Hall y Yang Hao",
    title = "Antennas and Propagation for Body-Centric Wireless Communications, Capítulo 9",
    publisher = "Artech House",
    year = 2006,
    note = " ",
}

@Article{gabriel,
    author = "C. Gabriel et al.",
    title = "The dielectric properties of biological tissues: I. Literature survey",
    journal = "Phys. Med. Biol.",
    volume = "41",
    pages = "2231-2249",
    year = 1996,
}

@Article{deschamps,
    author = "G.A. Deschamps",
    title = "Microstrip Microwave Antennas",
    journal = "3rd USAF Symposium on Antennas",
    year = 1953,
}

@Article{howell,
    author = "J.Q. Howell",
    title = "Microstrip Antennas",
    journal = "IEEE AP-S Int. Symp. Digest",
    pages = "177-180",
    year = 1972,
}

@Article{munson,
    author = "R.E. Munson",
    title = "Conformal Microstrip Antennas and Microstrip Phased Arrays",
    journal = "IEEE Trans. on Antennas and Propagation",
    pages = "74-78",
    year = 1974,
}

@Book{bahl,
    author = "I.J. Bahl y P. Bhartia",
    title = "Microstrip Antennas",
    publisher = "Artech House",
    year = 1980,
    note = " ",
}

@Book{james1,
    author = "J.R James et al.",
    title = "Microstrip Antennas: Theory and Design",
    publisher = "Peter Peregrinus",
    year = 1981,
    note = " ",
}

@Book{james2,
    author = "James J.R. y P.S. Hall",
    title = "Handbook of Microstrip Antennas",
    publisher = "Peter Peregrinus",
    year = 1989,
    note = " ",
}

@Article{huang,
    author = "J. Huang",
    title = "Microstrip Antennas for Commercial Applications",
    journal = "Microstrip Antennas: The Analysis and Design of Microstrip Antennas and Arrays",
    ALTeditor = "D.M. Pozar y D.H. Schaubert",
    publisher = "IEEE Press, New York",
    pages = "371-379",
    year = 1995,
}

@Article{sterzer,
    author = "F. Sterzer et al.",
    title = "Microwave Apparatus for the Treatment of Cancer",
    journal = "Microwave J.",
    volume = "23",
    pages = "39-44",
    year = 1980,
}

@Article{deleo,
    author = "R. De Leo et al.",
    title = "Microstrip Patch Applications",
    journal = "IEEE AP-S Int. Symp. Digest",
    pages = "524-527",
    year = 1989,
}

@Article{kobay1,
    author = "D. Kobayashi et al.",
    title = "Coupled Microstrip Applicator for Hypertermia Applications",
    journal = "IEEE AP-S Int. Symp. Digest",
    pages = "532-535",
    year = 1989,
}

@Article{kobay2,
    author = "H. Kobayashi et al.",
    title = "Flexible Microstrip Patch Applicator for Hyperthermia",
    journal = "IEEE AP-S Int. Symp. Digest",
    pages = "536-539",
    year = 1989,
}

@Article{derneryd,
    author = "A.G. Derneryd",
    title = "Linearly Polarized Microstrip Antennas",
    journal = "IEEE Trans. on Antennas and Propagation",
    volume = "AP-24",
    pages = "846-851",
    year = 1976,
}

@Article{pues,
    author = "H. Pues y A- Van de Capelle",
    title = "Accurate Transmission-Line Model for the Rectangular Microstrip Antenna",
    journal = "IEE Proc.",
    volume = "131",
    pages = "334-340",
    year = 1984,
}

@Article{richards,
    author = "W.F. Richards et al.",
    title = "An Improved Theory for Microstrip Antennas and Applications",
    journal = "IEEE Trans. on Antennas and Propagation",
    volume = "AP-29",
    pages = "38-46",
    year = 1981,
}

@Article{pozar,
    author = "D.M. Pozar",
    title = "Considerations for Milimeter Wave Printed Antennas",
    journal = "IEEE Trans. on Antennas and Propagation",
    volume = "AP-31",
    pages = "740-747",
    year = 1983,
}

@Book{durney,
    author = "G.H. Durney et al.",
    title = "Radiofrequency Radiation Dosimetry Handbook",
    publisher = "Brooks Air Force Base",
    year = 1986,
}

@Article{geddes,
    author = "L.A. Geddes y L.E. Barker",
    title = "The Specific Resistance of Biological Material - A Compendium of Data for the Biomedical Engineer and Physiologist",
    journal = "Medical and Biological Engineering",
    volume = "5",
    pages = "271-293",
    year = 1967,
}

@Article{stuchly,
    author = "M.A. Stuchly y S.S. Stuchly",
    title = "Dielectric Properties of Biological Substances - Tabulated",
    journal = "J. of Microwave Power",
    volume = "15",
    pages = "19-26",
    year = 1980,
}

@Article{nagaoka,
    author = "T. Nagaoka et al.",
    title = "Development of Realistic High-Resolution Whole-Body Voxel Models of Japanase Adults Males and Females of Average Height and Weight, and Application of Models to Radio-Frequency Electromagnetics-Field Dosimetry",
    journal = "Physics in Medicine and Biology",
    volume = "49",
    pages = "1-15",
    year = 2004,
}

@Article{brunckhorst,
    author = "C. Brunkchost et al.",
    title = "Obituary: Ake Senning, 1915-2000",
    journal = "J. of Pacing and Clinical Electrophysiology",
    volume = "23",
    number = "11",
    year = 2000,
}

@Book{webster,
    author = "J.G. Webster",
    title = "Design of Cardiac Pacemakers",
    publisher = "IEEE Press, New York",
    year = 1995,
}

@Book{cavuoto,
    author = "J. Cavuoto",
    title = "Neural Engineering's Image Problem",
    publisher = "IEEE Spectrum",
    year = 2004,
}

@Misc{etsi,
    author = "European Telecommunication Standards Institute",
    note = "\url{http://www.etsi.org}",
}

@Misc{voxel,
    author = "Artículo en Wikipedia sobre Voxel (en Inglés)",
    note = "\url{http://en.wikipedia.org/wiki/Voxel}",
}

@Misc{ce,
    author = "Enlace sobre el marcado CE",
    note = "\url{http://ec.europa.eu/enterprise/policies/single-market-goods/cemarking/index_es.htm}",
}

@Article{ce385,
    title = "Directiva del Consejo de 20 de junio de 1990 relativa a la aproximación de las legislaciones de los Estados miembros sobre los productos sanitarios implantables activos. 90/385/CEE",
    journal = "Diario Oficial de las Comunidades Europeas",
    volume = "189",
    number = "17",
    year = 1990,
}

@Misc{marcapasos,
    author = "Imagen adaptada del Texas Heart Institute",
    note = "\url{http://www.texasheartinstitute.org/hic/topics_esp/proced/pacemake_sp.cfm}",
}

@Misc{neuroestimulador,
    author = "Imagen adaptada de la web medgadget.es",
    note = "\url{http://medgadget.es/2010/09/el_eon_mini_de_st_jude_es_el_p_1.html}",
}

@Misc{coclear,
    author = "Imagen adaptada de la web eunateaccisor.blogspot.com",
    note = "\url{http://eunateaccisor.blogspot.com.es/2011/10/que-es-un-implante-coclear.html}",
}

@Article{mics,
    author = "ETSI EN 301 839-1 (v1.3.1) Electromagnetic compatibility and Radio spectrum Matters (ERM); Short Range Devices (SRD); Ultra Low Power Active Medical Implants (ULP-AMI) and Peripherals (ULP-AMI-P) operating in the frequency range 402 MHz to 405 MHz; Part 1: Technical characteristics and test methods",
    journal = "European Standard (Telecommunications series)",
    year = 2010,
}

@Article{itut,
    author = "Recomendación UIT-R RS.1346. COMPARTICIÓN ENTRE EL SERVICIO DE AYUDAS A LA METEOROLOGÍA Y LOS SISTEMAS DE COMUNICACIONES DE IMPLANTACIÓN MÉDICA (MICS) QUE FUNCIONAN EN EL SERVICIO MÓVIL EN LA BANDA DE FRECUENCIAS 401-406 MHz",
    journal = "UIT-R 144/7",
    year = 1998,
}

@Misc{cst,
    author = "Página oficial del software CST y sus aplicaciones",
    note = "\url{http://www.cst.com/Content/Applications/Applications.aspx}",
}

@Article{soont,
    author = "P. Soontornpipit et al.",
    title = "Design of Implantable Microstrip Antenna for Communication With Medical Implants",
    journal = "IEEE Transactions on Microwave Theory and Techniques",
    volume = "52",
    number = "8",
    month = "agosto",
    year = 2004,
}

@Article{conway,
    author = "G.A. Conway y W.G. Scanlon",
    title = "Antennas for Over-Body-Surface Communication at 2.45 GHz",
    journal = "IEEE Transactions on Antennas and Propagation",
    volume = "57",
    number = "4",
    month = "abril",
    year = 2009,
}

@Article{requena,
    author = "C.J. Sánchez-Fernández et al.",
    title = "Dual-band microstrip patch antenna based on short-circuited ring and spiral resonators for implantable medical devices",
    journal = "IET Microw. Antennas Propag.",
    volume = "4",
    month = "abril",
    year = 2010,
}

@Article{griegos,
    author = "A. Kiourti y K.S. Nikita",
    title = "A Review on Implantable Patch Antennas for Biomedical Telemetry: Challenges and Solutions",
    journal = "School of Electrical and Computer Engineering National Technical University of Athens",
    year = 2012,
}

@Article{kim,
    author = "J. Kim y Y. Rahmat-Samii",
    title = "Implanted Antennas Inside a Human Body: Simulations, Designs, and Characterizations",
    journal = "IEEE Transactions on Micro wave Theory and Techniques",
    volume = "52",
    number = "8",
    month = "agosto",
    year = 2004,
}

@Article{karacola,
    author = "T. Karacolak et al.",
    title = "Design of a Dual-Band Implantable Antenna and Development of Skin Mimicking Gels for Continuous Glucose Monitoring",
    journal = "IEEE Transactions on Micro wave Theory and Techniques",
    volume = "56",
    number = "4",
    month = "abril",
    year = 2008,
}

@Misc{serpentina,
    author = "Imagen adaptada de \cite{soont} Fig. 3 (b)",
}

@Misc{zarlink,
    author = "Imagen adaptada de la web zarlink.com",
    note = "\url{http://www.zarlink.com/zarlink/hs/22122.htm}",
}

@Misc{wifi,
    author = "IEEE 802.11 WIRELESS LOCAL AREA NETWORKS",
    note = "\url{http://www.ieee802.org/11/}",
}

@Misc{bluetooth,
    author = "IEEE 802.15 Working Group for WPAN",
    note = "\url{http://www.ieee802.org/15/}",
}

@Misc{ANSI,
    author = "Página oficial de ANSI",
    note = "\url{http://www.ansi.org/}",
}

@Misc{IEEE,
    author = "Página oficial de IEEE",
    note = "\url{http://www.ieee.org/index.html}",
}

@Misc{ICNIRP,
    author = "Página oficial de ICNIRP",
    note = "\url{http://www.icnirp.de/}",
}

@Misc{antenas,
    author = "Imágenes adaptadas del artículo sobre antenas de Wikipedia",
    note = "\url{http://es.wikipedia.org/wiki/Antena}",
}
